@article{sheth1991we,
  title={Why we buy what we buy: A theory of consumption values},
  author={Sheth, Jagdish N and Newman, Bruce I and Gross, Barbara L},
  journal={Journal of business research},
  volume={22},
  number={2},
  pages={159--170},
  year={1991},
  publisher={Elsevier}
},
@article{maslow1943theory,
  title={A theory of human motivation.},
  author={Maslow, Abraham H},
  journal={Psychological review},
  volume={50},
  number={4},
  pages={370},
  year={1943},
  publisher={American Psychological Association}
},
@article{edelman2015competing,
  title={Competing on customer journeys},
  author={Edelman, David C and Singer, Marc},
  journal={Harvard Business Review},
  volume={93},
  number={11},
  pages={88--100},
  year={2015}
},
@article{canniford2011manage,
  title={How to manage consumer tribes},
  author={Canniford, Robin},
  journal={Journal of Strategic Marketing},
  volume={19},
  number={7},
  pages={591--606},
  year={2011},
  publisher={Taylor \& Francis}
},
@online{strategyr,
title={Greeting Cards Market Trends},
author={Strategyr},
url={http://www.strategyr.com/MarketResearch/Greeting_Cards_Market_Trends.asp},
organization={Global Industry Analysts, Inc.},
year={2017},
titleaddon = {[Online]},
urldate = {2018-03-22}
},
@online{greetingcardassociation,
title={Facts And Figures},
author={TGCA},
url={http://www.greetingcardassociation.org.uk/resources/for-publishers/the-market/facts-and-figures},
organization={The Greeting Card Association},
year={2017},
titleaddon = {[Online]},
urldate = {2018-03-22}
},
@online{mintel,
title={Greetings Cards - UK - 2015 Consumer Market Research Report},
author={Mintel},
url={https://store.mintel.com/gifts-and-greetings-cards-uk-may-2015},
organization={Mintel},
year={2015},
titleaddon = {[Online]},
urldate = {2018-03-22}
},
@online{npr,
title={To Survive, The Greeting Card Industry Will Have To Get Creative},
author={Morris, Frank},
url={https://www.npr.org/2015/07/08/420966617/to-survive-the-greeting-card-industry-will-have-to-get-creative},
organization={NPR},
year={2015},
titleaddon = {[Online]},
urldate = {2018-03-22}
},
@online{americaninno,
title={Shark Tank Winner 2015: Cambridge Startup Lovepop},
url={https://www.americaninno.com/boston/shark-tank-winner-2015-cambridge-startup-lovepop/},
author={Bostinno},
organization={Americaninno},
year={2015},
titleaddon = {[Online]},
urldate = {2018-03-22}
},
@online{bbc,
title={Photobox Merges With Moonpig.com},
author={BBC},
url={http://www.bbc.co.uk/news/business-14275632},
organization={BBC News},
year={2011},
titleaddon = {[Online]},
urldate = {2018-03-22}
},
@online{google_trends,
title={Birthday Card - Explore - Google Trends},
author={Google},
url={https://trends.google.com/trends/explore?date=all&geo=GB&q=Birthday%20Card},
organization={Google Trends},
year={2018},
titleaddon = {[Online]},
urldate = {2018-03-22}
},
@online{Etsy,
title={Lovepop by LovePopCards on Etsy},
author={LovePopCards},
url={https://www.etsy.com/uk/shop/LovePopCards},
organization={Etsy},
year={2018},
titleaddon = {[Online]},
urldate = {2018-03-22}
},
@online{wordstream,
title={Facebook Ad Benchmarks for YOUR Industry [New Data]},
url={https://www.wordstream.com/blog/ws/2017/02/28/facebook-advertising-benchmarks},
author={Irvine, M.},
organization={WordStream},
year={2018},
titleaddon = {[Online]},
urldate = {2018-04-23}
},
@online{casting,
title={Rates Of Pay},
url={http://www.thecastingnetwork.co.uk/rates.asp},
author={{The Casting Network}},
organization={The Casting Network},
year={2018},
titleaddon = {[Online]},
urldate = {2018-04-23}
},
@online{etsyshares,
 title={Etsy, Inc. Common Stock (ETSY)},
 author={NASDAQ},
 url={https://www.nasdaq.com/symbol/etsy},
 year={2018},
 titleaddon = {[Online]},
 urldate = {2018-04-17}
}
